@article{schalk2004bci2000,
  title={BCI2000: a general-purpose brain-computer interface (BCI) system},
  author={Schalk, Gerwin and McFarland, Dennis J and Hinterberger, Thilo and Birbaumer, Niels and Wolpaw, Jonathan R},
  journal={IEEE Transactions on biomedical engineering},
  volume={51},
  number={6},
  pages={1034--1043},
  year={2004},
  publisher={IEEE}
}

@article{wolpaw2002brain,
  title={Brain--computer interfaces for communication and control},
  author={Wolpaw, Jonathan R and Birbaumer, Niels and McFarland, Dennis J and Pfurtscheller, Gert and Vaughan, Theresa M},
  journal={Clinical neurophysiology},
  volume={113},
  number={6},
  pages={767--791},
  year={2002},
  publisher={Elsevier}
}

@article{cecotti2010convolutional,
  title={Convolutional neural networks for P300 detection with application to brain-computer interfaces},
  author={Cecotti, Hubert and Graser, Axel},
  journal={IEEE transactions on pattern analysis and machine intelligence},
  volume={33},
  number={3},
  pages={433--445},
  year={2010},
  publisher={IEEE}
}

@article{li2020novel,
  title={A novel P300 classification algorithm based on a principal component analysis-convolutional neural network},
  author={Li, Feng and Li, Xiaoyu and Wang, Fei and Zhang, Dengyong and Xia, Yi and He, Fan},
  journal={Applied sciences},
  volume={10},
  number={4},
  pages={1546},
  year={2020},
  publisher={Multidisciplinary Digital Publishing Institute}
}

@article{zhou2020graph,
  title={Graph neural networks: A review of methods and applications},
  author={Zhou, Jie and Cui, Ganqu and Hu, Shengding and Zhang, Zhengyan and Yang, Cheng and Liu, Zhiyuan and Wang, Lifeng and Li, Changcheng and Sun, Maosong},
  journal={AI Open},
  volume={1},
  pages={57--81},
  year={2020},
  publisher={Elsevier}
}

@article{hamilton2017inductive,
  title={Inductive representation learning on large graphs},
  author={Hamilton, Will and Ying, Zhitao and Leskovec, Jure},
  journal={Advances in neural information processing systems},
  volume={30},
  year={2017}
}

@article{xu2018powerful,
  title={How powerful are graph neural networks?},
  author={Xu, Keyulu and Hu, Weihua and Leskovec, Jure and Jegelka, Stefanie},
  journal={arXiv preprint arXiv:1810.00826},
  year={2018}
}

@article{velivckovic2017graph,
  title={Graph attention networks},
  author={Veli{\v{c}}kovi{\'c}, Petar and Cucurull, Guillem and Casanova, Arantxa and Romero, Adriana and Lio, Pietro and Bengio, Yoshua},
  journal={arXiv preprint arXiv:1710.10903},
  year={2017}
}

@inproceedings{gao2018large,
  title={Large-scale learnable graph convolutional networks},
  author={Gao, Hongyang and Wang, Zhengyang and Ji, Shuiwang},
  booktitle={Proceedings of the 24th ACM SIGKDD international conference on knowledge discovery \& data mining},
  pages={1416--1424},
  year={2018}
}

@article{vinyals2015order,
  title={Order matters: Sequence to sequence for sets},
  author={Vinyals, Oriol and Bengio, Samy and Kudlur, Manjunath},
  journal={arXiv preprint arXiv:1511.06391},
  year={2015}
}

@inproceedings{zhang2018end,
  title={An end-to-end deep learning architecture for graph classification},
  author={Zhang, Muhan and Cui, Zhicheng and Neumann, Marion and Chen, Yixin},
  booktitle={Thirty-second AAAI conference on artificial intelligence},
  year={2018}
}

@article{dhillon2007weighted,
  title={Weighted graph cuts without eigenvectors a multilevel approach},
  author={Dhillon, Inderjit S and Guan, Yuqiang and Kulis, Brian},
  journal={IEEE transactions on pattern analysis and machine intelligence},
  volume={29},
  number={11},
  pages={1944--1957},
  year={2007},
  publisher={IEEE}
}

@inproceedings{simonovsky2017dynamic,
  title={Dynamic edge-conditioned filters in convolutional neural networks on graphs},
  author={Simonovsky, Martin and Komodakis, Nikos},
  booktitle={Proceedings of the IEEE conference on computer vision and pattern recognition},
  pages={3693--3702},
  year={2017}
}

@article{ying2018hierarchical,
  title={Hierarchical graph representation learning with differentiable pooling},
  author={Ying, Zhitao and You, Jiaxuan and Morris, Christopher and Ren, Xiang and Hamilton, Will and Leskovec, Jure},
  journal={Advances in neural information processing systems},
  volume={31},
  year={2018}
}

@inproceedings{gao2019graph,
  title={Graph u-nets},
  author={Gao, Hongyang and Ji, Shuiwang},
  booktitle={international conference on machine learning},
  pages={2083--2092},
  year={2019},
  organization={PMLR}
}

@article{delaunay1934sphere,
  title={Sur la sphere vide},
  author={Delaunay, Boris and others},
  journal={Izv. Akad. Nauk SSSR, Otdelenie Matematicheskii i Estestvennyka Nauk},
  volume={7},
  number={793-800},
  pages={1--2},
  year={1934}
}

@article{simonyan2014very,
  title={Very deep convolutional networks for large-scale image recognition},
  author={Simonyan, Karen and Zisserman, Andrew},
  journal={arXiv preprint arXiv:1409.1556},
  year={2014}
}

@article{krizhevsky2012imagenet,
  title={Imagenet classification with deep convolutional neural networks},
  author={Krizhevsky, Alex and Sutskever, Ilya and Hinton, Geoffrey E},
  journal={Advances in neural information processing systems},
  volume={25},
  year={2012}
}

@article{rakotomamonjy2008bci,
  title={BCI competition III: dataset II-ensemble of SVMs for BCI P300 speller},
  author={Rakotomamonjy, Alain and Guigue, Vincent},
  journal={IEEE transactions on biomedical engineering},
  volume={55},
  number={3},
  pages={1147--1154},
  year={2008},
  publisher={IEEE}
}

@inproceedings{hoffmann2005boosting,
  title={A boosting approach to P300 detection with application to brain-computer interfaces},
  author={Hoffmann, Ulrich and Garcia, Gary and Vesin, J-M and Diserens, Karin and Ebrahimi, Touradj},
  booktitle={Conference Proceedings. 2nd International IEEE EMBS Conference on Neural Engineering, 2005.},
  pages={97--100},
  year={2005},
  organization={IEEE}
}

@article{yu2017spatio,
  title={Spatio-temporal graph convolutional networks: A deep learning framework for traffic forecasting},
  author={Yu, Bing and Yin, Haoteng and Zhu, Zhanxing},
  journal={arXiv preprint arXiv:1709.04875},
  year={2017}
}

@article{kingma2014adam,
  title={Adam: A method for stochastic optimization},
  author={Kingma, Diederik P and Ba, Jimmy},
  journal={arXiv preprint arXiv:1412.6980},
  year={2014}
}